@inproceedings{Weinberger09,
 author = {Weinberger, Kilian and Dasgupta, Anirban and Langford, John and Smola, Alex and Attenberg, Josh},
 title = {Feature Hashing for Large Scale Multitask Learning},
 booktitle = {ICML},
 year = {2009}
}

@misc{flights,
  title={Flights Dataset},
  howpublished={http://www.transtats.bts.gov},
  note={Accessed: 09/01/14}
}

@misc{wiki,
  title={Wikipedia XML Dump},
  howpublished={http://dumps.wikimedia.org/enwiki/latest/},
  note={Accessed: 08/07/14}
}


@misc{dblp,
  title={DBLP Dataset},
  howpublished={http://dblp.uni-trier.de/xml/},
  note={Accessed: 09/07/14}
}

@inproceedings{forest,
  title={A Data Mining Approach to Predict Forest Fires using Meteorological Data.},
  author={P. Cortez and A. Morais.},
  booktitle={New Trends in Artificial Intelligence},
  year={2007}
}

P. Cortez and A. Morais. A Data Mining Approach to Predict Forest Fires using Meteorological Data. In J. Neves, M. F. Santos and J. Machado Eds., New Trends in Artificial Intelligence, Proceedings of the 13th EPIA 2007 - Portuguese Conference on Artificial Intelligence, December, Guimar√£es, Portugal, pp. 512-523, 2007. APPIA, ISBN-13 978-989-95618-0-9.

@article{mr-fnt,
  title={Massively Parallel Databases and MapReduce Systems.},
  author={Babu, Shivnath and Herodotou, Herodotos},
  journal = {Foundations and Trends in Databases},
  year = {2013},
  volume = {5},
  issue = {1}
}

@inproceedings{obs-confluence,
booktitle={ICLP 2007},
title={Observable Confluence for Constraint Handling Rules},
url={http://dx.doi.org/10.1007/978-3-540-74610-2_16},
author={Duck, GregoryJ. and Stuckey, PeterJ. and Sulzmann, Martin}}

@book{termrewriting,
  title={Term rewriting systems},
  author={Klop, Jan Willem},
  year={1990},
  publisher={Stichting Mathematisch Centrum Amsterdam}
}

@inproceedings{boosting,
  title={Transactional boosting: a methodology for highly-concurrent transactional objects},
  author={Herlihy, Maurice and Koskinen, Eric},
  booktitle={PPopp 2008}
}

@inproceedings{silo,
 author = {Tu, Stephen and Zheng, Wenting and Kohler, Eddie and Liskov, Barbara and Madden, Samuel},
title = {Speedy Transactions in Multicore In-Memory Databases},
booktitle = {SOSP 2013}}

@inproceedings{stonebraker-integrity,
 author = {Stonebraker, Michael},
 title = {Implementation of Integrity Constraints and Views by Query Modification},
 booktitle = {SIGMOD 1975}
}

@article{kemme-si-ic,
 author = {Lin, Yi and Kemme, Bettina and Jim{\'e}nez-Peris, Ricardo
                 and others},
title = {Snapshot Isolation and Integrity Constraints in Replicated Databases},
 journal = {ACM TODS},
 issue_date = {June 2009},
 volume = {34},
 number = {2},
 month = jul,
 year = {2009}
}

@article{florentin-constraints,
author = {Florentin, J. J.},
title = {Consistency auditing of databases},
volume = {17},
number = {1},
pages = {52-58},
year = {1974},
journal = {The Computer Journal}
}

@article{bubba,
  title={Prototyping {Bubba}, a highly parallel database system},
  author={Boral, Haran and Alexander, William and Clay, Larry and Copeland, George and Danforth, Scott and Franklin, Michael and Hart, Brian and Smith, Marc and Valduriez, Patrick},
  journal={TKDE},
  volume={2},
  number={1},
  pages={4--24},
  year={1990},
  publisher={IEEE}
}

@inproceedings{oltpbench,
  title={OLTP-Bench: An Extensible Testbed for Benchmarking Relational
                  Databases},
  author={Djellel Eddine Difallah and Andrew Pavlo and Carlo Curino and Philippe Cudre-Mauroux},
  booktitle={VLDB 2014}
}

@inproceedings{aiken-confluence,
  title={Behavior of database production rules: Termination, confluence, and observable determinism},
  author={Aiken, Alexander and Widom, Jennifer and Hellerstein, Joseph M},
  booktitle={SIGMOD 1992}

}

@incollection{ac-consensus,
  title={Revisiting the relationship between non-blocking atomic commitment and consensus},
  author={Guerraoui, Rachid},
  booktitle={Distributed Algorithms},
  pages={87--100},
  year={1995},
}

@article{decomp-semantics,
  title={Transaction decomposition using transaction semantics},
  author={Bernstein, Arthur J and Lewis, Philip M},
  journal={Distributed and Parallel Databases},
  volume={4},
  number={1},
  pages={25--47},
  year={1996},
}

@inproceedings{Hewitt73,
 author = {Hewitt, Carl and Bishop, Peter and Steiger, Richard},
 title = {A Universal Modular ACTOR Formalism for Artificial Intelligence},
 booktitle = {IJCAI},
 year = {1973},
 location = {Stanford, USA},
 pages = {235--245},
 numpages = {11}
}


@techreport{hewitt-forkjoin,
  title={Laws for communicating parallel processes},
  author={Baker, Henry and Hewitt, Carl},
  year={1977},
  institution={MIT AI Lab},
  number={AI Working Paper 134A}
}

@book{activedb-book,
  title={Active database systems: Triggers and rules for advanced database processing},
  author={Widom, Jennifer and Ceri, Stefano},
  year={1996},
  publisher={Morgan Kaufmann}
}

@article{shore-communication,
  title={Eliminating unscalable communication in transaction processing},
  author={Johnson, Ryan and Pandis, Ippokratis and Ailamaki, Anastasia},
  journal={The VLDB Journal},
  pages={1--23},
  year={2013},
  publisher={Springer}
}

@inproceedings{kohler-commutativity,
 author = {Clements, Austin T. and others},
 title = {The scalable commutativity rule: designing scalable software for multicore processors},
 booktitle = {SOSP 2013}
}

@article{badrinath-semantics,
  title={Semantics-based concurrency control: Beyond commutativity},
  author={Badrinath, BR and Ramamritham, Krithi},
  journal={ACM TODS},
  volume={17},
  number={1},
  pages={163--199},
  year={1992},
  publisher={Association for Computing Machinery}
}

@article{globalpredicates,
 author = {Cooper, Robert and Marzullo, Keith},
 title = {Consistent detection of global predicates},
 journal = {SIGPLAN Not.},
 issue_date = {Dec. 1991},
 volume = {26},
 number = {12},
 month = dec,
 year = {1991},
 pages = {167--174},
}


@article{owickigries,
  title={An axiomatic proof technique for parallel programs I},
  author={Owicki, Susan and Gries, David},
  journal={Acta informatica},
  volume={6},
  number={4},
  pages={319--340},
  year={1976},
  publisher={Springer}
}

@inproceedings{consistency-borders,
author={Peter Alvaro and others},
fullauthor={Peter Alvaro and Peter Bailis and Neil Conway and Joseph M. Hellerstein},
booktitle={SoCC 2013},
title={Consistency Without Borders}}


@misc{polyglot,
author={Martin Fowler and Pramod Sadalage},
year={2012},
title={The future is: Polyglot persistency},
note={\url{http://martinfowler.com/articles/nosql-intro-original.pdf}}}

@article{traiger-tods,
 author = {Traiger, Irving L. and Gray, Jim and Galtieri, Cesare A. and Lindsay, Bruce G.},
 title = {Transactions and consistency in distributed database systems},
 journal = {ACM TODS},
 issue_date = {Sept. 1982},
 volume = {7},
 number = {3},
 year = {1982},
 pages = {323--342},
}

@phdthesis{weihl-thesis,
  title={Specification and implementation of atomic data types},
  author={Weihl, William},
  year={1984},
  school={Massachusetts Institute of Technology}
}

@article{herlihy-apologizing,
  title={Apologizing versus asking permission: Optimistic concurrency control for abstract data types},
  author={Herlihy, Maurice},
  journal={ACM TODS},
  volume={15},
  number={1},
  pages={96--124},
  year={1990},
}

@book{ic-survey,
  title={Integrity constraints: Semantics and applications},
  author={Godfrey, Parke and Grant, John and Gryz, Jarek and Minker, Jack},
  booktitle={Logics for databases and information systems},
  pages={265--306},
  year={1998},
  publisher={Springer}
}

@inproceedings{proving-txn,
 author = {Gardarin, Georges and Melkanoff, Michel A.},
 title = {Proving Consistency of Database Transactions},
 booktitle = {VLDB 1979}
}

@article{ic-survey-two,
  title={Integrity control in relational database systems--An overview},
  author={Grefen, Paul WPJ and Apers, Peter MG},
  journal={Data \& Knowledge Engineering},
  volume={10},
  number={2},
  pages={187--223},
  year={1993},
  publisher={Elsevier}
}

@article{optimistic,
 author = {Saito, Yasushi and Shapiro, Marc},
 title = {Optimistic replication},
 journal = {ACM CSUR},
 year = {2005},
 month=mar,
 volume = {37},
 number = {1},
 issn = {0360-0300},
}


@article{rinard-compiler,
 author = {Rinard, Martin C. and Diniz, Pedro C.},
 title = {Commutativity analysis: a new analysis technique for parallelizing compilers},
 journal = {ACM Trans. Program. Lang. Syst.},
 issue_date = {Nov. 1997},
 volume = {19},
 number = {6},
 month = nov,
 year = {1997},
 pages = {942--991},
}

@inproceedings{mohan-note,
author = {C Mohan},
booktitle = {EDBT 2013},
title = {History Repeats Itself: Sensible and {NonsenSQL} Aspects of the {NoSQL} Hoopla}}

@inproceedings{f1,
author= {Jeff Shute and others},
booktitle = {VLDB 2013},
title = {F1: A Distributed {SQL} Database That Scales}}

@inproceedings{bermbach-shim,
title={A Middleware Guaranteeing Client-Centric Consistency on Top of Eventually
Consistent Datastores},
author={David Bermbach and Jorn Kuhlenkamp and Bugra Derre and Markus Klems and Stefan Tai},
booktitle ={IEEE IC2E 2013}}

@incollection{lampson-atomic,
  title={Atomic transactions},
  author={Lampson, Butler W},
  booktitle={Distributed Systems--Architecture and Implementation},
  pages={246--265},
  year={1981},
  publisher={Springer}
}

@inproceedings{multikey,
  title={Data management challenges in cloud computing infrastructures},
  author={Agrawal, D. and El Abbadi, A. and Antony, S. and Das, S.},
  booktitle = {DNIS 2010}}

@article{patterson-latency,
  title={Latency lags bandwidth},
  author={Patterson, D.A.},
  journal={Commun. ACM},
  volume={47},
  number={10},
  pages={71--75},
  year={2004},
  publisher={ACM}
}


@book{boyd-book,
  title={Convex optimization},
  author={Boyd, Stephen and Vandenberghe, Lieven},
  year={2009},
  publisher={Cambridge university press}
}

@inproceedings{matei-skew,
  title={Improving MapReduce Performance in Heterogeneous Environments.},
  author={Zaharia, Matei and Konwinski, Andy and Joseph, Anthony D and Katz, Randy H and Stoica, Ion},
  booktitle={OSDI},
  year={2008}
}

@inproceedings{dimmwitted,
  title={{DimmWitted}: A Study of Main-Memory Statistical Analytics},
  author={Zhang, Ce and R{\'e}, Christopher},
  booktitle = {VLDB},
  year={2014}
}

@inproceedings{systemml,
  title={{SystemML}: {Declarative} machine learning on {MapReduce}},
  author={Ghoting, Amol and Krishnamurthy, Rajasekar and Pednault, Edwin and Reinwald, Berthold and Sindhwani, Vikas and Tatikonda, Shirish and Tian, Yuanyuan and Vaithyanathan, Shivakumar},
  booktitle={ICDE},
  year={2011}
}

@inproceedings{cumulon,
  title={Cumulon: Optimizing statistical data analysis in the cloud},
  author={Huang, Botong and Babu, Shivnath and Yang, Jun},
  booktitle={SIGMOD},
  year={2013}
}



@inproceedings{oracle-svm,
  title={{SVM} in {Oracle Database 10g}: removing the barriers to widespread adoption of support vector machines},
  author={Milenova, Boriana L and Yarmus, Joseph S and Campos, Marcos M},
  booktitle={VLDB},
  year={2005}
}

@inproceedings{sen-graphical,
  title={Exploiting shared correlations in probabilistic databases},
  author={Sen, Prithviraj and Deshpande, Amol and Getoor, Lise},
  booktitle={VLDB},
  year={2008}
}

@inproceedings{dn-eurosys,
  title={Using queries for distributed monitoring and forensics},
  author={Singh, Atul and Maniatis, Petros and Roscoe, Timothy and Druschel, Peter},
  booktitle={EuroSys},
  year={2006}
}

@inproceedings{dn-implementing,
  title={Implementing declarative overlays},
  author={Loo, Boon Thau and Condie, Tyson and Hellerstein, Joseph M and Maniatis, Petros and Roscoe, Timothy and Stoica, Ion},
  booktitle={SOSP},
  year={2005}
}

@inproceedings{naiad,
  title={Naiad: a timely dataflow system},
  author={Murray, Derek G and McSherry, Frank and Isaacs, Rebecca and Isard, Michael and Barham, Paul and Abadi, Martin},
  booktitle={SOSP},
  year={2013},
}

@inproceedings{ffp-dataflow,
  title={On-the-fly progress detection in iterative stream queries},
  author={Chandramouli, Badrish and Goldstein, Jonathan and Maier, David},
  pages={241--252},
  year={2009},
  booktitle={VLDB}
}



@inproceedings{wang-graphical,
  title={BayesStore: managing large, uncertain data repositories with probabilistic graphical models},
  author={Wang, Daisy Zhe and Michelakis, Eirinaios and Garofalakis, Minos and Hellerstein, Joseph M},
  booktitle={VLDB},
  year={2008}
}

@inproceedings{wang-crf,
  title={Querying probabilistic information extraction},
  author={Wang, Daisy Zhe and Franklin, Michael J and Garofalakis, Minos and Hellerstein, Joseph M},
  booktitle={VLDB},
  year={2010}
}

@inproceedings{gupta-crf,
  title={Creating probabilistic databases from information extraction models},
  author={Gupta, Rahul and Sarawagi, Sunita},
  booktitle={VLDB},
  year={2006}
}

@inproceedings{mcdb,
  title={MCDB: a monte carlo approach to managing uncertain data},
  author={Jampani, Ravi and Xu, Fei and Wu, Mingxi and Perez, Luis Leopoldo and Jermaine, Christopher and Haas, Peter J},
  booktitle={SIGMOD},
  year={2008}
}

@inproceedings{hadoop-trojan,
  title={Hadoop++: Making a yellow elephant run like a cheetah (without it even noticing)},
  author={Dittrich, Jens and Quian{\'e}-Ruiz, Jorge-Arnulfo and Jindal, Alekh and Kargin, Yagiz and Setty, Vinay and Schad, J{\"o}rg},
  booktitle={VLDB},
  year={2010}
}

@inproceedings{mcmc-vldb,
  title={Scalable probabilistic databases with factor graphs and {MCMC}},
  author={Wick, Michael and McCallum, Andrew and Miklau, Gerome},
  booktitle={VLDB},
  year={2010}
}

@inproceedings{sgd-matrix,
  title={A fast parallel SGD for matrix factorization in shared memory systems},
  author={Zhuang, Yong and Chin, Wei-Sheng and Juan, Yu-Chin and Lin, Chih-Jen},
  booktitle={RecSys},
  year={2013}
}

@inproceedings{yahoo-lda,
  title={An architecture for parallel topic models},
  author={Smola, Alexander and Narayanamurthy, Shravan},
  booktitle={VLDB},
  year={2010}
}

@inproceedings{hogwild,
  title={Hogwild: A lock-free approach to parallelizing stochastic gradient descent},
  author={Recht, Benjamin and R{\'e}, Christopher and Wright, Stephen and Niu, Feng},
  booktitle={NIPS},
  year={2011}
}

@inproceedings{exchange,
 author = {Graefe, Goetz},
 title = {Encapsulation of Parallelism in the Volcano Query Processing System},
 booktitle = {SIGMOD},
 year = {1990}
}

@inproceedings{shalev-accelerated,
  title={Accelerated mini-batch stochastic dual coordinate ascent},
  author={Shalev-Shwartz, Shai and Zhang, Tong},
  booktitle={NIPS},
  year={2013}
}

@article{pegasos,
  title={Pegasos: Primal estimated sub-gradient solver for svm},
  author={Shalev-Shwartz, Shai and Singer, Yoram and Srebro, Nathan and Cotter, Andrew},
  journal={Mathematical programming},
  volume={127},
  number={1},
  pages={3--30},
  year={2011},
  publisher={Springer}
}

@inproceedings{hogwild-coorddescent,
  title={An asynchronous parallel stochastic coordinate descent algorithm},
  author={Liu, Ji and Wright, Stephen J and R{\'e}, Christopher and Bittorf, Victor},
  booktitle={ICML},
  year={2014}
}

@article{dual-averaging,
  title={Dual averaging for distributed optimization: convergence analysis and network scaling},
  author={Duchi, John C and Agarwal, Alekh and Wainwright, Martin J},
  journal={Automatic Control, IEEE Transactions on},
  volume={57},
  number={3},
  year={2012},
  publisher={IEEE}
}

@book{dsm-book,
  title={Distributed shared memory: Concepts and systems},
  author={Protic, Jelica and Tomasevic, Milo and Milutinovi{\'c}, Veljko},
  volume={21},
  year={1998},
  publisher={John Wiley \& Sons}
}

@techreport{waldo,
  title={A note on distributed computing},
  author={Waldo, Jim and Wyant, Geoff and Wollrath, Ann and Kendall, Sam},
  year={1997},
  number={SMLI TR-94-29},
  institution={Sun Microsystems Laboratories}
}

@inproceedings{parameter-server,
title = {Scaling Distributed Machine Learning with the Parameter Server},
  author={Mu Li and David G. Andersen and Jun Woo Park and Alexander J. Smola and Amr Ahmed and Vanja Josifovski and James Long and Eugene J. Shekita and Bor-Yiing Su},
  year = {2014},
  booktitle={OSDI}
}

@article{boyd-admm,
  title={Distributed optimization and statistical learning via the alternating direction method of multipliers},
  author={Boyd, Stephen and Parikh, Neal and Chu, Eric and Peleato, Borja and Eckstein, Jonathan},
  journal={Foundations and Trends in Machine Learning},
  volume={3},
  number={1},
  pages={1--122},
  year={2011},
  publisher={Now Publishers Inc.}
}

@inproceedings{mr-tutorial,
  title={MapReduce algorithms for big data analysis},
  author={Shim, Kyuseok},
  booktitle={VLDB},
  year={2012}
}

@inproceedings{mr-set-similarity,
  title={Efficient parallel set-similarity joins using MapReduce},
  author={Vernica, Rares and Carey, Michael J and Li, Chen},
  booktitle={SIGMOD},
  year={2010}
}

@inproceedings{sparkler,
  title={Sparkler: Supporting large-scale matrix factorization},
  author={Li, Boduo and Tata, Sandeep and Sismanis, Yannis},
  booktitle={EBDT},
  year={2013}
}

@article{shmem-mining,
  title={Shared memory parallelization of data mining algorithms: Techniques, programming interface, and performance},
  author={Jin, Ruoming and Yang, Ge and Agrawal, Gagan},
  journal={IEEE TKDE},
  volume={17},
  number={1},
  pages={71--89},
  year={2005}
}

@inproceedings{iutzeler-async-admm,
  title={Asynchronous distributed optimization using a randomized alternating direction method of multipliers},
  author={Iutzeler, Franck and Bianchi, Pascal and Ciblat, Philippe and Hachem, Walid},
  booktitle={IEEE CDC},
  year={2013}
}

@article{wei-async-admm,
  title={On the O (1/k) Convergence of Asynchronous Distributed Alternating Direction Method of Multipliers},
  author={Wei, Ermin and Ozdaglar, Asuman},
  journal={arXiv preprint arXiv:1307.8254},
  year={2013}
}

@inproceedings{smola-averaging,
  title={Parallelized stochastic gradient descent},
  author={Zinkevich, Martin and Weimer, Markus and Li, Lihong and Smola, Alex J},
  booktitle={NIPS},
  year={2010}
}

@inproceedings{zhang-async-admm,
  title={Asynchronous Distributed ADMM for Consensus Optimization},
  author={Zhang, Ruiliang and Kwok, James},
  booktitle={ICML},
  year={2014}
}

@book{bertsekas,
  title={Parallel and distributed computation: numerical methods},
  author={Bertsekas, Dimitri P and Tsitsiklis, John N},
  year={1989},
  publisher={Prentice-Hall, Inc.}
}

@misc{tupleware,
  title={Tupleware: Redefining Modern Analytics},
  author={Crotty, Andrew and Galakatos, Alex and Dursun, Kayhan and Kraska, Tim and Cetintemel, Ugur and Zdonik, Stan},
  note={\texttt{arXiv:1406.6667}},
  year={2014}
}

@article{lbfgs-ref,
  title={A limited memory algorithm for bound constrained optimization},
  author={Byrd, Richard H and Lu, Peihuang and Nocedal, Jorge and Zhu, Ciyou},
  journal={SIAM Journal on Scientific Computing},
  volume={16},
  number={5},
  pages={1190--1208},
  year={1995},
  publisher={SIAM}
}

@inproceedings{chen-crf,
  title={Optimizing statistical information extraction programs over evolving text},
  author={Chen, Fei and Feng, Xixuan and Re, Christopher and Wang, Min},
  booktitle={ICDE},
  year={2012}
}

@inproceedings{haloop,
  title={HaLoop: Efficient iterative data processing on large clusters},
  author={Bu, Yingyi and Howe, Bill and Balazinska, Magdalena and Ernst, Michael D},
  booktitle={VLDB},
  year={2010}
}

@inproceedings{grace-async,
  title={Asynchronous Large-Scale Graph Processing Made Easy.},
  author={Wang, Guozhang and Xie, Wenlei and Demers, Alan J and Gehrke, Johannes},
  booktitle={CIDR},
  year={2013}
}

@inproceedings{zhang-gibbs,
  title={Towards high-throughput Gibbs sampling at scale: A study across storage managers},
  author={Zhang, Ce and R{\'e}, Christopher},
  booktitle={SIGMOD},
  year={2013}
}

@inproceedings{brown-predictive,
  title={The Case for Predictive Database Systems: Opportunities and Challenges.},
  author={Akdere, Mert and Cetintemel, Ugur and Riondato, Matteo and Upfal, Eli and Zdonik, Stanley B},
  year={2011},
  booktitle={CIDR}
}

@inproceedings{graphlab,
  title={Distributed GraphLab: a framework for machine learning and data mining in the cloud},
  author={Low, Yucheng and Bickson, Danny and Gonzalez, Joseph and Guestrin, Carlos and Kyrola, Aapo and Hellerstein, Joseph M},
  booktitle={VLDB},
  year={2012}
}

@article{ordonez-bayesian,
  title={Bayesian classifiers programmed in SQL},
  author={Ordonez, Carlos and Pitchaimalai, Sasi K},
  journal={Knowledge and Data Engineering, IEEE Transactions on},
  volume={22},
  number={1},
  pages={139--144},
  year={2010},
  publisher={IEEE}
}

@article{ordonez-clustering,
  title={Integrating K-means clustering with a relational {DBMS using SQL}},
  author={Ordonez, Carlos},
  journal={IEEE TKDE},
  volume={18},
  number={2},
  pages={188--201},
  year={2006}
}

@inproceedings{panda-trees,
  title={Planet: {Massively} parallel learning of tree ensembles with {MapReduce}},
  author={Panda, Biswanath and Herbach, Joshua S and Basu, Sugato and Bayardo, Roberto J},
  boottitle={VLDB},
  year={2009}
}

@book{scalingml-book,
  title={Scaling up machine learning: Parallel and distributed approaches},
  author={Bekkerman, Ron and Bilenko, Mikhail and Langford, John},
  year={2011},
  publisher={Cambridge University Press}
}

@article{hadoop-skew,
  title={Managing Skew in Hadoop},
  author={Kwon, YongChul and Ren, Kai and Balazinska, Magdalena and Howe, Bill},
  journal={IEEE Data Eng. Bull.},
  volume={36},
  number={1},
  pages={24--33},
  year={2013}
}

@inproceedings{mapreduce,
  title={MapReduce: Simplified Data Processing on Large Clusters},
  author={Dean, Jeffrey and Ghemawat, Sanjay},
  booktitle={OSDI},
  year={2004}
}


@inproceedings{dryad,
  title={Dryad: distributed data-parallel programs from sequential building blocks},
  author={Isard, Michael and Budiu, Mihai and Yu, Yuan and Birrell, Andrew and Fetterly, Dennis},
  booktitle={EuroSys},
  year={2007}
}
  title={

@article{2pc-scalability,
 author = {Hull, Sean},
 title = {20 obstacles to scalability},
 journal = {Commun. ACM},
 issue_date = {September 2013},
 volume = {56},
 number = {9},
 year = {2013},
 pages = {54--59},
 numpages = {6}
}

@article{valiant-bsp,
  title={A bridging model for parallel computation},
  author={Valiant, Leslie G},
  journal={Communications of the ACM},
  volume={33},
  number={8},
  pages={103--111},
  year={1990},
  publisher={ACM}
}

@inproceedings{orchestra,
  title={Managing data transfers in computer clusters with orchestra},
  author={Chowdhury, Mosharaf and Zaharia, Matei and Ma, Justin and Jordan, Michael I and Stoica, Ion},
  booktitle={SIGCOMM},
  year={2011}
}

@article{gang,
  title={Gang scheduling performance benefits for fine-grain synchronization},
  author={Feitelson, Dror G and Rudolph, Larry},
  journal={Journal of Parallel and Distributed Computing},
  volume={16},
  number={4},
  pages={306--318},
  year={1992},
  publisher={Elsevier}
}

@inproceedings{mlbase,
  title={MLbase: A Distributed Machine-learning System.},
  author={Kraska, Tim and Talwalkar, Ameet and Duchi, John C and Griffith, Rean and Franklin, Michael J and Jordan, Michael I},
  booktitle={CIDR},
  year={2013}
}

@misc{vowpal,
  title={Vowpal wabbit online learning project},
  author={Langford, J and Li, L and Strehl, A},
  year={2007},
  publisher={Technical report, \url{http://hunch.net}}
}

@inproceedings{carey-bigdata,
  title={Inside Big Data management: ogres, onions, or parfaits?},
  author={Borkar, Vinayak and Carey, Michael J and Li, Chen},
  booktitle={EBDT},
  year={2012}
}

@inproceedings{mli,
  title={MLI: An API for distributed machine learning},
  author={Sparks, Evan R and Talwalkar, Ameet and Smith, Virginia and Kottalam, Jey and Pan, Xinghao and Gonzalez, Joseph and Franklin, Michael J and Jordan, Michael I and Kraska, Tim},
  booktitle={ICDM},
  year={2013}
}

@inproceedings{madlib,
  title={The MADlib analytics library: or MAD skills, the SQL},
  author={Hellerstein, Joseph M and R{\'e}, Christoper and Schoppmann, Florian and Wang, Daisy Zhe and Fratkin, Eugene and Gorajek, Aleksander and Ng, Kee Siong and Welton, Caleb and Feng, Xixuan and Li, Kun and others},
  booktitle={VLDB},
  year={2012}
}

@inproceedings{stratosphere,
  title={Applying Stratosphere for Big Data Analytics.},
  author={Leich, Marcus and Adamek, Jochen and Schubotz, Moritz and Heise, Arvid and Rheinl{\"a}nder, Astrid and Markl, Volker},
  booktitle={BTW},
  year={2013}
}


@inproceedings{spark,
  title={Resilient distributed datasets: A fault-tolerant abstraction for in-memory cluster computing},
  author={Zaharia, Matei and Chowdhury, Mosharaf and Das, Tathagata and Dave, Ankur and Ma, Justin and McCauley, Murphy and Franklin, Michael J and Shenker, Scott and Stoica, Ion},
  booktitle={NSDI},
  year={2012}
}

@inproceedings{chris-feature,
  title={Materialization Optimizations for Feature Selection Workloads},
  author={Zhang, Ce and Kumar, Arun and R{\'e}, Christopher},
  year={2014},
  organization={SIGMOD}
}

@inproceedings{bismarck,
  title={Towards a unified architecture for {in-RDBMS} analytics},
  author={Feng, Xixuan and Kumar, Arun and Recht, Benjamin and R{\'e}, Christopher},
  booktitle={SIGMOD},
  year={2012}
}

@article{paxos-commit,
 author = {Gray, Jim and Lamport, Leslie},
 title = {Consensus on transaction commit},
 journal = {ACM TODS},
 issue_date = {March 2006},
 volume = {31},
 number = {1},
 month = mar,
 year = {2006},
 pages = {133--160}
}


@article{queue,
 author   = {Peter Bailis and Ali Ghodsi},
 title    = {{Eventual Consistency} Today: Limitations, Extensions, and Beyond},
 journal = {ACM Queue},
 volume = {11},
 number = {3},
 year = {2013},
}

@inproceedings{tao,
title={{TAO}: {Facebook's} Distributed Data Store for the Social Graph},
author={Nathan Bronson and others},
booktitle={USENIX ATC 2013}}

@inproceedings{gstore,
  title={G-store: a scalable data store for transactional multi key
                  access in the cloud},
  author={Das, S. and Agrawal, D. and El Abbadi, A.},
  booktitle={ACM SOCC 2010},
}

@article{middleware,
  title={Consistent database replication at the middleware level},
  author={Pati{\~n}o-Martinez, M. and Jim{\'e}nez-Peris, R. and Kemme, B. and Alonso, G.},
  journal={ACM TOCS},
  volume={23},
  number={4},
  pages={375--423},
  year={2005},
}

@inproceedings{bobtail,
  title={Bobtail: avoiding long tails in the cloud},
  author={Xu, Yunjing and others},
  booktitle={NSDI 2013}
}

@inproceedings{espresso,
 author = {Qiao, Lin and others},
 title = {On brewing fresh {Espresso}: {LinkedIn's} distributed data serving platform},
 booktitle = {SIGMOD 2013}}

@book{gray-book,
  title={Transaction processing},
  author={Gray, Jim and Reuter, Andreas},
  year={1993},
  publisher={Kaufmann}
}

@article{davidson-survey,
  title={Consistency in partitioned networks},
  author={Davidson, S.B. and Garcia-Molina, H. and Skeen, D.},
  journal={ACM Computing Surveys},
  volume={17},
  number={3},
  pages={341--370},
  year={1985}
}


@article{kossman-arch,
  title={Rethinking cost and performance of database systems},
  author={Florescu, D. and Kossmann, D.},
  journal={ACM SIGMOD Record},
  volume={38},
  number={1},
  pages={43--48},
  year={2009},
  publisher={ACM}
}

@article{pacelc,
author = {Daniel J. Abadi},
title = {Consistency Tradeoffs in Modern Distributed Database System Design: {CAP} is Only Part of the Story},
journal ={IEEE Computer},
volume = {45},
number = {2},
year = {2012},
pages = {37-42},
}

@online{simpledb,
title = {Choosing Consistency},
author = {Werner Vogels},
year = {2010},
howpublished={\url{http://www.allthingsdistributed.com/2010/02/strong_consistency_simpledb.html}}}

@online{amazon-latency,
author = {Greg Linden},
title = {Make Data Useful},
year ={2006},
howpublished={\url{https://sites.google.com/site/glinden/Home/StanfordDataMining.2006-11-29.ppt}}}

@misc{component,
  title={Component database systems: Introduction, foundations, and overview, in \textit{Component Database Systems}},
  author={Geppert, A. and Dittrich, K.R.},
  pages={1-28},
  year={2001}
}

@inproceedings{percolator,
title={Large-scale incremental processing using distributed transactions and notifications},
author={Daniel Peng and Frank Dabek},
booktitle={OSDI 2010}}


@book{bernstein-book,
  title={Concurrency control and recovery in database systems},
  author={Bernstein, P.A. and Hadzilacos, V. and Goodman, N.},
  year={1987},
  publisher={Addison-wesley New York}
}

@phdthesis{kemme-thesis,
  title={Database replication for clusters of workstations},
  author={Kemme, Bettina},
  year={2000},
  school={EPFL}
}

@inproceedings{calvin,
  title={Calvin: Fast distributed transactions for partitioned database systems},
  author={Thomson, A. and Diamond, T. and Weng, S.C. and Ren, K. and Shao, P. and Abadi, D.J.},
  booktitle={SIGMOD 2012}
}

@article{atomic,
  title={Using optimistic atomic broadcast in transaction processing systems},
  author={Kemme, Bettina and Pedone, Fernando and Alonso, Gustavo and Schiper, Andr{\'e} and Wiesmann, Matthias},
  journal={Knowledge and Data Engineering, IEEE Transactions on},
  volume={15},
  number={4},
  pages={1018--1032},
  year={2003},
  publisher={IEEE}
}

@inproceedings{spanner,
  title={Spanner: Google's Globally-Distributed Database},
 author = {Corbett, James C. and Dean, Jeffrey and Epstein, Michael and Fikes, Andrew and Frost, Christopher and Furman, J. J. and others},
 booktitle = {OSDI 2012}
}


@phdthesis{adya-isolation,
  title={Weak consistency: a generalized theory and optimistic implementations for distributed transactions},
  author={Adya, A.},
  year={1999},
  school={MIT}
}

@inproceedings{eiger,
 author = {Lloyd, Wyatt and Freedman, Michael J. and Kaminsky, Michael and Andersen, David G.},
 title = {Stronger Semantics for Low-Latency Geo-Replicated Storage},
 booktitle = {NSDI 2013}
}

@online{tpcc,
title={{TPC Benchmark C} revision 5.11},
author={{TPC Council}},
year=2010}

@article{readonly,
  title={Implementing distributed read-only transactions},
  author={Chan, A. and Gray, R.},
  journal={IEEE Transactions on Software Engineering},
  number={2},
  pages={205--212},
  year={1985},
}

@article{deterministic-scheduling,
 author = {Schiper, Andr{\'e} and Raynal, Michel},
 title = {From group communication to transactions in distributed systems},
 journal = {CACM},
 volume = {39},
 number = {4},
 year = {1996},}



@misc{swift,
title={SwiftCloud: Fault-Tolerant Geo-Replication Integrated all the Way to the Client Machine},
author = {Marek Zawirski and others},
note={arXiv:1310.3107}}

@inproceedings{deuteronomy,
  title={Deuteronomy: Transaction support for cloud data},
  author={Levandoski, J.J. and Lomet, D. and Mokbel, M.F. and Zhao, K.},
  booktitle={CIDR 2011}
}

@inproceedings{fjord,
  title={Fjording the stream: An architecture for queries over streaming sensor data},
  author={Madden, Samuel and Franklin, Michael J},
  booktitle={ICDE},
  year={2002}
}

@incollection{ola-partial,
  title={Architecting a network query engine for producing partial results},
  author={Shanmugasundaram, Jayavel and Tufte, Kristin and DeWitt, David and Maier, David and Naughton, Jeffrey F},
  booktitle={WebDB},
  year={2001}}

@inproceedings{elastras,
  title={{ElasTraS}: An elastic transactional data store in the cloud},
  author={Das, S. and Agrawal, D. and El Abbadi, A.},
  booktitle={HotCloud 2009}
}

@inproceedings{schism,
 author = {Curino, Carlo and Jones, Evan and Zhang, Yang and Madden, Sam},
 title = {Schism: a workload-driven approach to database replication and partitioning},
 booktitle = {VLDB 2010}}

@inproceedings{jones-dtxn,
 author = {Jones, Evan P.C. and Abadi, Daniel J. and Madden, Samuel},
 title = {Low overhead concurrency control for partitioned main memory databases},
booktitle = {SIGMOD 2010}}

@inproceedings{hat-hotos13,
 author   = {Peter Bailis and Alan Fekete and Ali Ghodsi and Joseph M. Hellerstein and Ion Stoica},
 title    = {{HAT, not CAP: Towards Highly Available Transactions}},
 booktitle  = {HotOS 2013}
}

@inproceedings{ms-sql-impl,
 author = {Campbell, David G. and Kakivaya, Gopal and Ellis, Nigel},
 title = {Extreme scale with full {SQL} language support in {Microsoft SQL Azure}},
 booktitle = {SIGMOD 2010}}

@inproceedings{hat-vldb,
 author   = {Peter Bailis and Aaron Davidson and Alan Fekete and Ali Ghodsi and Joseph M. Hellerstein and Ion Stoica},
 title    = {Highly Available Transactions: Virtues and limitations},
 booktitle = {VLDB 2014}}

@online{fault-golan,
author =  {Markus Klems},
month = {February},
year = {2011},
title = {cassandra-user mailing list: {Benchmarking Cassandra with YCSB}},
note =
                  {\url{http://bit.ly/15iQfBD}.}}


@techreport{gray-isolation,
  title={Granularity of locks and degrees of consistency in a shared data base},
  author={Gray, J.N. and Lorie, R.A. and Putzolu, G.R. and Traiger, I.L.},
  year={1976},
  institution={IBM}
}

@inproceedings{redblue,
title={Making geo-replicated systems fast as possible, consistent when necessary},
 author = {Li, Cheng and Porto, Daniel and Clement, Allen and Gehrke, Johannes and others},
booktitle={OSDI 2012}}

@article{bloomfilter,
  title={Space/time trade-offs in hash coding with allowable errors},
  author={Bloom, Burton H},
  journal={CACM},
  volume={13},
  number={7},
  pages={422--426},
  year={1970},
  publisher={ACM}
}


%(This problem persisted in our deployment
%                  despite tuning concurrent connections; Klems's
%                  outcome remains unreported.)}}}

@online{fault-mainali,
title = {cassandra-user mailing list: {Cassandra Evaluation/ Benchmarking: Throughput not scaling as expected neither latency showing good numbers}},
author = {Manoj Mainali},
year = {2012},
month = {July},
note = {\url{http://ur1.ca/av6s4}}}


@inproceedings{stale-parameter,
  title={More effective distributed ml via a stale synchronous parallel parameter server},
  author={Ho, Qirong and Cipar, James and Cui, Henggang and Lee, Seunghak and Kim, Jin Kyu and Gibbons, Phillip B and Gibson, Garth A and Ganger, Greg and Xing, Eric},
  booktitle={NIPS},
  year={2013}
}

@inproceedings{pbs,
title = {{Probabilistically Bounded Staleness} for Practical Partial Quorums},
author = {Peter Bailis and Shivaram Venkataraman and Michael J. Franklin and Joseph M. Hellerstein and Ion Stoica},
booktitle = {VLDB 2012}}.



@inproceedings{bigtable,
 author = {Chang, Fay and others},
 title = {Bigtable: A Distributed Storage System for Structured Data},
 booktitle = {OSDI 2006}
}

@online{thrift,
title = {{Apache Thrift}},
note = {\url{http://thrift.apache.org} (2012)}}


@inproceedings{brewer-base,
  title={Cluster-based scalable network services},
  author={Fox, A. and Gribble, S.D. and Chawathe, Y. and Brewer, E.A. and Gauthier, P.},
  booktitle={SOSP 1997}
}


@article{gilbert-cap,
 author = {Gilbert, Seth and Lynch, Nancy},
 title = {Brewer's conjecture and the feasibility of consistent, available, partition-tolerant web services},
 journal = {SIGACT News},
 issue_date = {June 2002},
 volume = {33},
 number = {2},
 year = {2002},
 issn = {0163-5700},
 pages = {51--59},
 numpages = {9},
 url = {http://doi.acm.org/10.1145/564585.564601},
 doi = {10.1145/564585.564601},
 acmid = {564601},
 publisher = {ACM},
 address = {New York, NY, USA},
}

@inproceedings{dynamo,
 author = {DeCandia, Giuseppe and Hastorun, Deniz and Jampani, Madan and Kakulapati, Gunavardhan and Lakshman, Avinash and others},
 title = {Dynamo: {Amazon's} highly available key-value store},
 booktitle = {SOSP 2007}

}

@inproceedings{pnuts,
 author = {Cooper, Brian F. and Ramakrishnan, Raghu and Srivastava, Utkarsh and Silberstein, Adam and Bohannon, Philip and others},
 title = {{PNUTS}: {Yahoo!'s} hosted data serving platform},
 booktitle={VLDB 2008}
}
@online{pnuts-update,
title={Sherpa update},
author= {P. P. S. Narayan},
year = {2010},
month={June},
howpublished={YDN Blog, \url{http://tinyurl.com/c3ljuce}}}

@inproceedings{cops,
 author = {Lloyd, Wyatt and Freedman, Michael J. and Kaminsky, Michael and Andersen, David G.},
 title = {Don't settle for eventual: scalable causal consistency for wide-area storage with {COPS}},
 booktitle = {SOSP 2011},
}

@inproceedings{calm,
  title={Consistency Analysis in {Bloom}: a {CALM} and Collected Approach},
  author={Alvaro, Peter and Neil Conway and Joseph M. Hellerstein and William Marczak},
  booktitle={CIDR 2011}
}

@article{ameloot-calm,
 author = {Ameloot, Tom J. and Neven, Frank and Van Den Bussche, Jan},
 title = {Relational transducers for declarative networking},
 journal = {J. ACM},
 issue_date = {April 2013},
 volume = {60},
 number = {2},
 month = may,
 year = {2013},
 issn = {0004-5411},
 pages = {15:1--15:38},
 articleno = {15},
 numpages = {38},
 url = {http://doi.acm.org/http://dx.doi.org/10.1145/2450142.2450151},
 doi = {http://dx.doi.org/10.1145/2450142.2450151},
 acmid = {2450151},
 publisher = {ACM},
 address = {New York, NY, USA},
 keywords = {Distributed database, cloud programming, expressive power, monotonicity, relational transducer},
}

@inproceedings{walter,
 author = {Sovran, Yair and Power, Russell and Aguilera, Marcos K. and Li, Jinyang},
 title = {Transactional storage for geo-replicated systems},
 booktitle = {SOSP 2011},
}

@misc{dean-keynote,
author = {Jeff Dean},
title={Designs, Lessons, and Advice from Building Large Distributed Systems},
note={{Keynote from LADIS 2009}}}

@TechReport{cac,
author = {P. Mahajan and L. Alvisi and M. Dahlin},
 title = {Consistency, Availability, Convergence},
 institution = {Computer Science Department, UT Austin},
 year = {2011} ,
 number = {TR-11-22},
 month = {May},
 pdf = "http://www.cs.utexas.edu/users/dahlin/papers/cac-tr.pdf",
 category = "recent,WANrepl,byz,PRACTI,webos"
 }

@inproceedings{dbavailability,
 author = {Coan, Brian A and Oki, Brian M and Kolodner, Elliot K},
 title = {Limitations on database availability when networks partition},
 booktitle = {PODC 1986}
}

@INPROCEEDINGS{sessiontocausal,
author={Brzezinski, J. and Sobaniec, C. and Wawrzyniak, D.},
title={From session causality to causal consistency},
booktitle={PDP 2004}}

@inproceedings{dbpartition,
 author = {Coan, Brian A and Oki, Brian M and Kolodner, Elliot K},
 title = {Limitations on database availability when networks partition},
 booktitle = {Proceedings of the fifth annual ACM symposium on Principles of distributed computing},
 series = {PODC '86},
 year = {1986},
 isbn = {0-89791-198-9},
 location = {Calgary, Alberta, Canada},
 pages = {187--194},
 numpages = {8},
 url = {http://doi.acm.org/10.1145/10590.10606},
 doi = {10.1145/10590.10606},
 acmid = {10606},
 publisher = {ACM},
 address = {New York, NY, USA},
}

@inproceedings{local-verification,
 author = {Gupta, Ashish and Widom, Jennifer},
 title = {Local Verification of Global Integrity Constraints in Distributed Databases},
 booktitle = {SIGMOD 1993},
 pages = {49--58},
 numpages = {10},
}

@book{tamer-book,
  title={Principles of distributed database systems},
  author={Tamer \"{O}zsu, M and Valduriez, Patrick},
  year={2011},
  publisher={Springer}
}

@article{info-overload,
 author = {Hiltz, Starr R. and Turoff, Murray},
 title = {Structuring computer-mediated communication systems to avoid information overload},
 journal = {Commun. ACM},
 issue_date = {July 1985},
 volume = {28},
 number = {7},
 month = jul,
 year = {1985},
 issn = {0001-0782},
 pages = {680--689},
 numpages = {10},
 url = {http://doi.acm.org/10.1145/3894.3895},
 doi = {10.1145/3894.3895},
 acmid = {3895},
 publisher = {ACM},
 address = {New York, NY, USA},
}

@inproceedings{weihl-data,
  title={Data-dependent concurrency control and recovery},
  author={Weihl, William},
  booktitle={PODC 1983}}

@article{isolation-semantics,
author={Shiyong Lu and Arthur Bernstein and Philip Lewis},
journal={IEEE TKDE},
title={Correct execution of transactions at different isolation levels},
year={2004},
volume={16},
number={9}}

@article{garcia-readonly,
  title={Read-only transactions in a distributed database},
  author={Garcia-Molina, Hector and Wiederhold, Gio},
  journal={ACM TODS},
  volume={7},
  number={2},
  pages={209--234},
  year={1982},
  publisher={ACM}
}

@techreport{lamport-audit,
institution={CCA},
year={1976},
title={Towards a theory of correctness for multi-user database systems},
author={Leslie Lamport},
note={Described in ~\cite{agarwal-consistency,schneider-concurrent}}}

@article{agarwal-consistency,
 author = {Agrawal, Divyakant and others},
 title = {Consistency and orderability: semantics-based correctness criteria for databases},
 journal = {ACM Trans. Database Syst.},
 volume = {18},
 number = {3},
 month = sep,
 year = {1993},
 issn = {0362-5915},
 pages = {460--486},
}



@inproceedings{depot,
 author = {Mahajan, Prince and Setty, Srinath and Lee, Sangmin and Clement, Allen and Alvisi, Lorenzo and Dahlin, Mike and Walfish, Michae},
 title = {Depot: cloud storage with minimal trust},
 booktitle = {OSDI 2010}}

@techreport{unicode-nfc,
editor = {Mark Davis and Ken Whistler},
title = {Unicode Normalization Forms},
number = {Unicode Standard Annex \#15},
year = {2012},
month ={January},
day = {13},
note = {\url{http://unicode.org/reports/tr15/}}}

@online{twitter-unicode,
year = {2012},
month = {April},
day = {12},
title = {Twitter Developers: Counting Characters},
note = {\url{https://dev.twitter.com/docs/counting-characters#General_Concepts}}}

@inproceedings{gray-virtues,
  title={The transaction concept: Virtues and limitations},
  author={Gray, Jim},
  booktitle={VLDB 1981},
}

@article{chopping,
 author = {Shasha, Dennis and Llirbat, Francois and Simon, Eric and Valduriez, Patrick},
 title = {Transaction chopping: algorithms and performance studies},
 journal = {ACM TODS},
 volume = {20},
 number = {3},
 month = sep,
 year = {1995},
 pages = {325--363},
}

@book{atomictransactions,
  title={Atomic Transactions: In Concurrent and Distributed Systems},
  author={Lynch, Nancy A and Merritt, Michael and William Weihl and Alan Fekete},
  year={1993},
  publisher={Morgan Kaufmann Publishers Inc.}
}

@article{acta,
  title={Synthesis of extended transaction models using {ACTA}},
  author={Chrysanthis, Panos K and Ramamritham, Krithi},
  journal={ACM TODS},
  volume={19},
  number={3},
  pages={450--491},
  year={1994},
  publisher={ACM}
}

@article{sdd1,
 author = {Bernstein, Philip A. and Shipman, David W. and Rothnie,Jr., James B.},
 title = {Concurrency control in a system for distributed databases ({SDD-1})},
 journal = {ACM TODS},
 issue_date = {March 1980},
 volume = {5},
 number = {1},
 month = mar,
 year = {1980},
 issn = {0362-5915},
 pages = {18--51},
 numpages = {34},
 url = {http://doi.acm.org/10.1145/320128.320131},
 doi = {10.1145/320128.320131},
 acmid = {320131},
 publisher = {ACM},
 address = {New York, NY, USA},
 keywords = {concurrency control, conflict graph, distributed database system, serializability, synchronization, timestamps},
}

@inproceedings{blooml,
  author={Conway, Neil and others},
  fullauthor={Conway, Neil and Marczak, William R and Alvaro, Peter and Hellerstein, Joseph M and Maier, David},
  booktitle={SoCC 2012},
  title={Logic and Lattices for Distributed Programming}}


@book{mpi,
  title={Using MPI: portable parallel programming with the message-passing interface},
  author={Gropp, William and Lusk, Ewing and Skjellum, Anthony},
  volume={1},
  year={1999},
  publisher={MIT press}
}


@article{vc-lowerbound,
 author = {Charron-Bost, Bernadette},
 title = {Concerning the size of logical clocks in distributed systems},
 journal = {Inf. Process. Lett.},
 issue_date = {July 12, 1991},
 volume = {39},
 number = {1},
 month = jul,
 year = {1991},
 issn = {0020-0190},
 pages = {11--16},
 numpages = {6},
 url = {http://dx.doi.org/10.1016/0020-0190(91)90055-M},
 doi = {10.1016/0020-0190(91)90055-M},
 acmid = {117606},
 publisher = {Elsevier North-Holland, Inc.},
 address = {Amsterdam, The Netherlands, The Netherlands},
 keywords = {causality, distributed computing clock, logical time, partially ordered sets},
}

@inproceedings{hstore,
  title={The end of an architectural era: (it's time for a complete rewrite)},
  author={Stonebraker, Michael and Madden, Samuel and Abadi, Daniel J. and Harizopoulos, Stavros and others},
  booktitle = {VLDB 2007}
  }

@article{graefe-xchg,
  title={Iterators, Schedulers, and Distributed-memory Parallelism},
  author={Graefe, Goetz},
  journal={Software: Practice and Experience},
  volume={26},
  number={4},
  pages={427--452},
  year={1996},
  publisher={Wiley Online Library}
}

@article{escrow,
  title={The escrow transactional method},
  author={O'Neil, Patrick E},
  journal={ACM TODS},
  volume={11},
  number={4},
  pages={405--430},
  year={1986},
  publisher={ACM}
}

@inproceedings{brain,
  title={Large scale distributed deep networks},
  author={Dean, Jeffrey and Corrado, Greg and Monga, Rajat and Chen, Kai and Devin, Matthieu and Mao, Mark and Senior, Andrew and Tucker, Paul and Yang, Ke and Le, Quoc V and others},
  booktitle={NIPS},
  year={2012}
}

@article{duality1,
  title={On the duality of operating system structures},
  author={Lauer, Hugh C and Needham, Roger M},
  journal={ACM SIGOPS Operating Systems Review},
  volume={13},
  number={2},
  pages={3--19},
  year={1979},
  publisher={ACM}
}

@article{abd,
  title={Sharing memory robustly in message-passing systems},
  author={Attiya, Hagit and Bar-Noy, Amotz and Dolev, Danny},
  journal={Journal of the ACM (JACM)},
  volume={42},
  number={1},
  pages={124--142},
  year={1995},
  publisher={ACM}
}

@inproceedings{cipar,
  title={More effective distributed ml via a stale synchronous parallel parameter server},
  author={Ho, Qirong and Cipar, James and Cui, Henggang and Lee, Seunghak and Kim, Jin Kyu and Gibbons, Phillip B and Gibson, Garth A and Ganger, Greg and Xing, Eric},
  booktitle={Advances in Neural Information Processing Systems},
  pages={1223--1231},
  year={2013}
}

@inproceedings{adam,
  title={Project Adam: building an efficient and scalable deep learning training system},
  author={Chilimbi, Trishul and Suzue, Yutaka and Apacible, Johnson and Kalyanaraman, Karthik},
  booktitle={Proceedings of the 11th USENIX conference on Operating Systems Design and Implementation},
  pages={571--582},
  year={2014},
  organization={USENIX Association}
}

@inproceedings{parameterserver,
  title={Scaling distributed machine learning with the parameter server},
  author={Li, Mu and Andersen, David G and Park, Jun Woo and Smola, Alexander J and Ahmed, Amr and Josifovski, Vanja and Long, James and Shekita, Eugene J and Su, Bor-Yiing},
  booktitle={Proc. OSDI},
  pages={583--598},
  year={2014}
}

@article{kossmann-dqp,
  title={The state of the art in distributed query processing},
  author={Kossmann, Donald},
  journal={ACM Computing Surveys (CSUR)},
  volume={32},
  number={4},
  pages={422--469},
  year={2000},
  publisher={ACM}
}

@inproceedings{blazes,
title={Blazes: Coordination Analysis for Distributed Programs},
author={Peter Alvaro and Neil Conway and Joseph M. Hellerstein and David Maier},
booktitle={ICDE 2014}}

@article {causality-overview,
   author = {Schwarz, Reinhard and Mattern, Friedemann},
   affiliation = {University of Kaiserslautern Department of Computer Science P.O. Box 3049 D-67653 Kaiserslautern Germany P.O. Box 3049 D-67653 Kaiserslautern Germany},
   title = {Detecting causal relationships in distributed computations: In search of the holy grail},
   journal = {Distributed Computing},
   pages = {149-174},
   volume = {7},
   issue = {3},
   year = {1994}
}

@inproceedings{yu-efficient,
  title={Efficient Numerical Error Bounding for Replicated Network Services.},
  author={Yu, Haifeng and Vahdat, Amin and others},
  booktitle={VLDB},
  year={2000}
}

@inproceedings{magic-sip,
  title={Cost-based optimization for magic: Algebra and implementation},
  author={Seshadri, Praveen and Hellerstein, Joseph M and Pirahesh, Hamid and Leung, TY and Ramakrishnan, Raghu and Srivastava, Divesh and Stuckey, Peter J and Sudarshan, S},
  booktitle={SIGMOD},
  year={1996}
}

@inproceedings{rstar,
  title={R* optimizer validation and performance evaluation for local queries},
  author={Mackert, Lothar F and Lohman, Guy M},
  booktitle={VLDB},
  year={1986}
}

@inproceedings{ives-sideways,
  title={Sideways information passing for push-style query processing},
  author={Ives, Zachary G and Taylor, Nicholas E},
  booktitle={ICDE},
  year={2008}
}

@article{demarcation,
 author = {Barbar\'{a}-Mill\'{a}, Daniel and Garcia-Molina, Hector},
 title = {The Demarcation Protocol: A Technique for Maintaining Constraints in Distributed Database Systems},
 journal = {The VLDB Journal},
 issue_date = {July 1994},
 volume = {3},
 number = {3},
 month = jul,
 year = {1994},
 issn = {1066-8888},
 pages = {325--353},
 numpages = {29}
}

@phdthesis{olston-thesis,
author={Christopher Olston},
title={Approximate Replication},
school={Stanford University},
year={2003}}

@inproceedings{ycsb,
  title = {Benchmarking cloud serving systems with {YCSB}},
  author = {Cooper, Brian F. and Silberstein, Adam and Tam, Erwin and Ramakrishnan, Raghu and Sears, Russell},
  booktitle = {ACM SOCC 2010}}

@techreport{pram,
title = {{PRAM:} A Scalable Shared Memory},
institution = {Princeton University},
author = {Lipton, Richard J. and Sandberg, Jonathan S.},
year = {1988},
month = {September},
number = {TR-180-88 }}

@inproceedings{bayou,
 author = {Petersen, Karin and Spreitzer, Mike J. and Terry, Douglas B. and Theimer, Marvin M. and Demers, Alan J.},
 title = {Flexible update propagation for weakly consistent replication},
 booktitle = {SOSP 1997}
}

@inproceedings{daudjee-session,
  title={Lazy database replication with ordering guarantees},
  author={Daudjee, K. and Salem, K.},
  booktitle={ICDE 2004},
  pages={424--435},
}

@article{causalmemory,
    author = {Mustaque Ahamad and Gil Neiger and James E. Burns and Prince Kohli and P.W. Hutto},
    title = {Causal Memory: Definitions, Implementation and Programming},
    year = {1995},
    journal = {Distributed Computing},
    volume = {9},
    number = {1}}

@article{liveness,
  author    = {B. Alpern and
               F. B. Schneider},
  title     = {Defining Liveness},
  journal   = {Inf. Process. Lett.},
  volume    = {21},
  number    = {4},
  year      = {1985},
  pages     = {181--185},
}

@article{lamport-safety,
 author = {Lamport, Leslie},
 title = {Proving the Correctness of Multiprocess Programs},
 journal = {IEEE Transactions Software Engineering},
 issue_date = {March 1977},
 volume = {3},
 number = {2},
 month = mar,
 year = {1977},
 issn = {0098-5589},
 pages = {125--143},
 numpages = {19},
 publisher = {IEEE Press},
 address = {Piscataway, NJ, USA},
}

@article{lamportclocks,
 author = {Lamport, Leslie},
 title = {Time, clocks, and the ordering of events in a distributed system},
 journal = {Commun. ACM},
 issue_date = {July 1978},
 volume = {21},
 number = {7},
 month = jul,
 year = {1978},
 issn = {0001-0782},
 pages = {558--565},
 numpages = {8},
 url = {http://doi.acm.org/10.1145/359545.359563},
 doi = {10.1145/359545.359563},
 acmid = {359563},
 publisher = {ACM},
 address = {New York, NY, USA},
 keywords = {clock synchronization, computer networks, distributed systems, multiprocess systems},
}


@misc{twitter-source,
note = {Omitted due to anonymity requirements}}

//bunch of folks, namely Sid Anand and Justin Sheehy
@misc{dynamodb-source,
note = {Omitted due to anonymity requirements}}

//Personal communication with Jim Waldo, March 30, 2012.
@misc{comm-waldo,
note = {Omitted due to anonymity requirements}}

//Personal communication with Wyatt Lloyd, or his poster
@misc{comm-lloyd,
note = {Omitted due to anonymity requirements.}}

@online{twitter-bday,
title = {Twitter turns six},
day = {21},
month = {March},
year = {2012},
note = {\url{http://blog.twitter.com/2012/03/twitter-turns-six.html}}}

@article{vogels-defs,
 author = {Vogels, Werner},
 title = {Eventually consistent},
 journal = {Commun. ACM},
 issue_date = {January 2009},
 volume = {52},
 number = {1},
 month = jan,
 year = {2009},
 issn = {0001-0782},
 pages = {40--44},
 numpages = {5},
 url = {http://doi.acm.org/10.1145/1435417.1435432},
 doi = {10.1145/1435417.1435432},
 acmid = {1435432},
 publisher = {ACM},
 address = {New York, NY, USA},
}

@inproceedings{cassandra,
author = {A. Lakshman and  P. Malik},
title = {Cassandra - A decentralized structured storage system},
booktitle = {LADIS 2008}}

@booktitle{abadi-vll,
title = "Lightweight Locking for Main Memory Database Systems",
howpublished = {VLDB 2013},
author = {Kun Ren and Alexander Thomson and Daniel J. Abadi},
}

@inproceedings{windowsazurestorage,
 author = {Calder, Brad and Wang, Ju and Ogus, Aaron and Nilakantan, Niranjan and Skjolsvold, Arild and McKelvie, Sam and Xu, Yikang and Srivastav, Shashwat and Wu, Jiesheng and Simitci, Huseyin and Haridas, Jaidev and Uddaraju, Chakravarthy and Khatri, Hemal and Edwards, Andrew and Bedekar, Vaman and Mainali, Shane and Abbasi, Rafay and Agarwal, Arpit and Haq, Mian Fahim ul and Haq, Muhammad Ikram ul and Bhardwaj, Deepali and Dayanand, Sowmya and Adusumilli, Anitha and McNett, Marvin and Sankaran, Sriram and Manivannan, Kavitha and Rigas, Leonidas},
title = {Windows Azure Storage: A Highly Available Cloud Storage Service with Strong Consistency},
 booktitle = {SOSP 2011},
}


@inproceedings{kraska-s3,
  title={Building a database on {S3}},
  author={Brantner, M. and Florescu, D. and Graf, D. and Kossmann, D. and Kraska, T.},
  booktitle={SIGMOD 2008}}

@article{linearizability,
 author = {Herlihy, Maurice P. and Wing, Jeannette M.},
 title = {Linearizability: a correctness condition for concurrent objects},
 journal = {ACM TOPLAS},
 issue_date = {July 1990},
 volume = {12},
 number = {3},
 month = jul,
 year = {1990},
 issn = {0164-0925},
 pages = {463--492},
 numpages = {30},
 url = {http://doi.acm.org/10.1145/78969.78972},
 doi = {10.1145/78969.78972},
 acmid = {78972},
 publisher = {ACM},
 address = {New York, NY, USA},
}

@article{end-to-end,
 author = {Saltzer, J. H. and Reed, D. P. and Clark, D. D.},
 title = {End-to-end arguments in system design},
 journal = {ACM Trans. Comput. Syst.},
 issue_date = {Nov. 1984},
 volume = {2},
 number = {4},
 month = nov,
 year = {1984},
 issn = {0734-2071},
 pages = {277--288},
 numpages = {12},
 url = {http://doi.acm.org/10.1145/357401.357402},
 doi = {10.1145/357401.357402},
 acmid = {357402},
 publisher = {ACM},
 address = {New York, NY, USA},
 keywords = {data communication, design principles, protocol design},
}

@inproceedings{megastore,
title = {Megastore: Providing Scalable, Highly Available Storage for Interactive Services},
author = {Jason Baker and others},
booktitle = {CIDR 2011}}

@inproceedings{helland-trans,
title = {Life beyond distributed transactions: an apostate's opinion},
author = {Pat Helland},
booktitle = {CIDR 2007}
}

@inproceedings{silberstein-matview,
 author = {Agrawal, Parag and Silberstein, Adam and Cooper, Brian F. and Srivastava, Utkarsh and Ramakrishnan, Raghu},
 title = {Asynchronous view maintenance for VLSD databases},
 booktitle = {SIGMOD 2009}
}

@inproceedings{rosenblum-lfs,
 author = {Rosenblum, Mendel and Ousterhout, John K.},
 title = {The design and implementation of a log-structured file system},
 booktitle = {SOSP 1991}}
 series = {SOSP '91},
 year = {1991},
 isbn = {0-89791-447-3},
 location = {Pacific Grove, California, United States},
 pages = {1--15},
 numpages = {15},
 url = {http://doi.acm.org/10.1145/121132.121137},
 doi = {10.1145/121132.121137},
 acmid = {121137},
 publisher = {ACM},
 address = {New York, NY, USA},
}

@inproceedings{ansicritique,
  title={A critique of {ANSI SQL} isolation levels},
  author={Berenson, H. and Bernstein, P. and Gray, J. and Melton, J. and O'Neil, E. and O'Neil, P.},
  booktitle={SIGMOD 1995}}

@inproceedings{catocs,
 author = {Cheriton, David R. and Skeen, Dale},
 title = {Understanding the limitations of causally and totally ordered communication},
 booktitle = {SOSP 1993}}

@book{dist-txns-book,
  title={Concurrency control and recovery in database systems},
  author={Bernstein, P.A. and Hadzilacos, V. and Goodman, N.},
  volume={370},
  year={1987},
  publisher={Addison-Wesley New York}
}


@inproceedings {voldemort,
title = {{Project Voldemort}: Reliable Distributed Storage},
author = {Alex Feinberg},
booktitle = {ICDE 2011}}

@article{birman-response,
 author = {Birman, Ken},
 title = {A response to {Cheriton and Skeen's} criticism of causal and totally ordered communication},
 journal = {SIGOPS Oper. Syst. Rev.},
 issue_date = {Jan. 1994},
 volume = {28},
 number = {1},
 month = jan,
 year = {1994},
 issn = {0163-5980},
 pages = {11--21},
 numpages = {11},
 url = {http://doi.acm.org/10.1145/164853.164858},
 doi = {10.1145/164853.164858},
 acmid = {164858},
}


@article{cbcast,
 author = {Schiper, Andr{\'e} and Birman, Kenneth and Stephenson, Pat},
 title = {Lightweight causal and atomic group multicast},
 journal = {ACM Trans. Comput. Syst.},
 issue_date = {Aug. 1991},
 volume = {9},
 number = {3},
 month = aug,
 year = {1991},
 issn = {0734-2071},
 pages = {272--314},
 numpages = {43},
 url = {http://doi.acm.org/10.1145/128738.128742},
 doi = {10.1145/128738.128742},
 acmid = {128742},
 publisher = {ACM},
 address = {New York, NY, USA},
 keywords = {fault-tolerant process groups, message ordering, multicast communication},
}

@inproceedings{korth-serializability,
  title={Formal model of correctness without serializabilty},
  author={Korth, Henry K and Speegle, Gregory},
  booktitle={SIGMOD 1988}
}

@article{fekete99,
  author    = {Alan Fekete and
               David Gupta and
               Victor Luchangco and
               Nancy A. Lynch and
               Alexander A. Shvartsman},
  title     = {Eventually-Serializable Data Services},
  journal   = {Theor. Comput. Sci.},
  volume    = {220},
  number    = {1},
  year      = {1999},
  pages     = {113--156},
}

@inproceedings{mdcc,
  title={{MDCC}: Multi-data center consistency},
  author={Kraska, Tim and Gene Pang and Michael J. Franklin and Samuel Madden and Alan Fekete},
  booktitle={EuroSys 2013},
  pages={113--126}
}

@inproceedings{ramp-txns,
note={Anonymized due to double-blind requirements}}

@inproceedings{explicit-socc2012,
 author   = {Peter Bailis and Alan Fekete and Ali Ghodsi and Joseph M. Hellerstein and Ion Stoica},
 title    = {The Potential Dangers of Causal Consistency and an Explicit Solution},
 booktitle  = {SOCC 2012}
}

%% inria-00074248, version 1
%% http://hal.inria.fr/inria-00074248
@techreport{delta-causality,
    hal_id = {inria-00074248},
    url = {http://hal.inria.fr/inria-00074248},
    title = {{Causal Deliveries in Unreliable Networks With Real-Time Delivery Constraints}},
    author = {Baldoni, Roberto and Mostefaoui, Achour and Raynal, Michel},
    keywords = {CAUSAL ORDER / DISTRIBUTED SYSTEMS / MULTIMEDIA / REAL-TIME},
    language = {Anglais},
    affiliation = {ADP - INRIA - IRISA},
    type = {Rapport de recherche},
    institution = {INRIA},
    number = {RR-2427},
    year = {1994},
    pdf = {http://hal.inria.fr/inria-00074248/PDF/RR-2427.pdf},
}

@misc{rainbird,
author={Kevin Weil},
title={Rainbird: Real-time analytics at {Twitter}},
note={Strata 2011 \url{http://slidesha.re/hjMOui}}}


@inproceedings {prov-pruning,
   author = {Braun, Uri and Garfinkel, Simson and Holland, David and Muniswamy-Reddy, Kiran-Kumar and Seltzer, Margo},
   affiliation = {Harvard University, Cambridge, Massachusetts},
   title = {Issues in Automatic Provenance Collection},
   booktitle = {Issues in Automatic Provenance Collection, International Provenance and Annotation Workshop (I-PAW)},
   year = {2006}
}

@inproceedings{eddies,
  title={Eddies: Continuously adaptive query processing},
  author={Avnur, Ron and Hellerstein, Joseph M},
  booktitle={SIGMOD},
  year={2000}
}

@article{garciamolina-semantics,
 author = {Garcia-Molina, Hector},
 title = {Using semantic knowledge for transaction processing in a distributed database},
 journal = {ACM TODS},
 issue_date = {June 1983},
 volume = {8},
 number = {2},
 month = jun,
 year = {1983},
 issn = {0362-5915},
 pages = {186--213},
 numpages = {28},
}


@inproceedings{replay,
 author = {Kim, Taesoo and Wang, Xi and Zeldovich, Nickolai and Kaashoek, M. Frans},
 title = {Intrusion recovery using selective re-execution},
 booktitle = {Proceedings of the 9th USENIX conference on Operating systems design and implementation},
 series = {OSDI'10},
 year = {2010},
 location = {Vancouver, BC, Canada},
 pages = {1--9},
 numpages = {9},
 url = {http://dl.acm.org/citation.cfm?id=1924943.1924950},
 acmid = {1924950},
 publisher = {USENIX Association},
 address = {Berkeley, CA, USA},
}


@inproceedings{difc,
 author = {Myers, Andrew C. and Liskov, Barbara},
 title = {A decentralized model for information flow control},
 booktitle = {Proceedings of the sixteenth ACM symposium on Operating systems principles},
 series = {SOSP '97},
 year = {1997},
 isbn = {0-89791-916-5},
 location = {Saint Malo, France},
 pages = {129--142},
 numpages = {14},
 url = {http://doi.acm.org/10.1145/268998.266669},
 doi = {10.1145/268998.266669},
 acmid = {266669},
 publisher = {ACM},
 address = {New York, NY, USA},
}

@article{attributiontheory,
title ={Attribution Theory and Research},
journal={Annual Review of Psychology},
author = {Harold H. Kelley and John L. Michela},
volume = {31},
pages={457--501},
year = {1990},
month={February}}

@book{mills-logic,
title = {A System of Logic, Ratiocinative and Inductive, Being a Connected View of the Principles of Evidence, and the Methods of Scientific Investigation},
author = {John Stuart Mill},
year={1843},
publisher= {John W. Parker, West Strand},
address = {London},
volume = {1},
chapter={5---6}}

@article{eswaran-consistency,
 author = {Eswaran, K. P. and others},
 title = {The notions of consistency and predicate locks in a database system},
 journal = {Commun. ACM},
 issue_date = {Nov. 1976},
 volume = {19},
 number = {11},
 year = {1976},
 pages = {624--633},
}


@inproceedings{prov-securing,
 author = {Braun, Uri and Shinnar, Avraham and Seltzer, Margo},
 title = {Securing provenance},
 booktitle = {Proceedings of the 3rd conference on Hot topics in security},
 series = {HOTSEC'08},
 year = {2008},
 location = {San Jose, CA},
 pages = {4:1--4:5},
 articleno = {4},
 numpages = {5},
 url = {http://dl.acm.org/citation.cfm?id=1496671.1496675},
 acmid = {1496675},
 publisher = {USENIX Association},
 address = {Berkeley, CA, USA},
}


@incollection {prov-intro,
   author = {Buneman, Peter and Khanna, Sanjeev and Wang-Chiew, Tan},
   affiliation = {University of Pennsylvania Department of Computer and Information Science 200 South 33rd Street PA 19104 Philadelphia USA},
   title = {Why and Where: A Characterization of Data Provenance},
   booktitle = {ICDT 2001},
   publisher = {Springer Berlin / Heidelberg},
   isbn = {978-3-540-41456-8},
   keyword = {Computer Science},
   pages = {316-330},
   volume = {1973},
   year = {2001}
}

@article{versionvector,
 author = {Parker, D. S. and Popek, G. J. and Rudisin, G. and Stoughton, A. and Walker, B. J. and Walton, E. and Chow, J. M. and Edwards, D. and Kiser, S. and Kline, C.},
 title = {Detection of Mutual Inconsistency in Distributed Systems},
 journal = {IEEE Trans. Softw. Eng.},
 issue_date = {May 1983},
 volume = {9},
 number = {3},
 month = may,
 year = {1983},
 issn = {0098-5589},
 pages = {240--247},
 numpages = {8},
 url = {http://dx.doi.org/10.1109/TSE.1983.236733},
 doi = {10.1109/TSE.1983.236733},
 acmid = {1313753},
 publisher = {IEEE Press},
 address = {Piscataway, NJ, USA},
 keywords = {replicated data, Availability, distributed systems, mutual consistency, network failures, network partitioning},
}

@article{lazyreplication,
 author = {Ladin, Rivka and Liskov, Barbara and Shrira, Liuba and Ghemawat, Sanjay},
 title = {Providing high availability using lazy replication},
 journal = {ACM Trans. Comput. Syst.},
 issue_date = {Nov. 1992},
 volume = {10},
 number = {4},
 month = nov,
 year = {1992},
 issn = {0734-2071},
 pages = {360--391},
 numpages = {32},
 url = {http://doi.acm.org/10.1145/138873.138877},
 doi = {10.1145/138873.138877},
 acmid = {138877},
 publisher = {ACM},
 address = {New York, NY, USA},
 keywords = {client/server architecture, fault tolerance, group communication, high availability, operation ordering, replication, scalability, semantics of application},
}

@article{ladis,
 author = {Birman, Ken and Chockler, Gregory and van Renesse, Robbert},
 title = {Toward a cloud computing research agenda},
 journal = {SIGACT News},
 volume = {40},
 number = {2},
 month = jun,
 year = {2009},
 issn = {0163-5700},
 pages = {68--80},
}


@misc{warp,
author = {Robert Escriva, Bernard Wong and Emin Gun Sirer},
institution = {Cornell University},
title = {Warp: Multi-Key Transactions for Key-Value Stores},
note = {Technical Report, May 2013}}

@INPROCEEDINGS{sessionguarantees,
    author = {Douglas B. Terry and others},
    title = {Session Guarantees for Weakly Consistent Replicated Data},
    booktitle = {PDIS 1994},
}

@inproceedings{pavlo-partition,
 author = {Pavlo, Andrew and Curino, Carlo and Zdonik, Stanley},
 title = {Skew-aware automatic database partitioning in shared-nothing, parallel {OLTP} systems},
 booktitle = {SIGMOD 2012}
}

@inproceedings{practi,
 author = {Belaramani, Nalini and Dahlin, Mike and Gao, Lei and Nayate, Amol and Venkataramani, Arun and Yalagandula, Praveen and Zheng, Jiandan},
 title = {{PRACTI replication}},
 booktitle = {NSDI 2006}}

@inproceedings {sun-fb-study,
	title = {Gesundheit! Modeling Contagion through {Facebook} News Feed},
	booktitle = {Proceedings of the Third International Conference on Weblogs and Social Media},
	year = {2009},
	month = {May},
	publisher = {AAAI Press},
	organization = {AAAI Press},
	address = {San Jose, CA},
	keywords = {diffusion},
	author = {Eric Sun and Itamar Rosenn and Cameron Marlow and Thomas Lento}
}


@inproceedings{lookingglass,
 author = {Harizopoulos, Stavros and Abadi, Daniel J. and Madden, Samuel and Stonebraker, Michael},
 title = {{OLTP} through the looking glass, and what we found there},
 booktitle = {SIGMOD 2008}
}


@inproceedings{wilson-fb-study,
 author = {Wilson, Christo and Boe, Bryce and Sala, Alessandra and Puttaswamy, Krishna P.N. and Zhao, Ben Y.},
 title = {User interactions in social networks and their implications},
 booktitle = {Proceedings of the 4th ACM European conference on Computer systems},
 series = {EuroSys '09},
 year = {2009},
 isbn = {978-1-60558-482-9},
 location = {Nuremberg, Germany},
 pages = {205--218},
 numpages = {14},
 url = {http://doi.acm.org/10.1145/1519065.1519089},
 doi = {10.1145/1519065.1519089},
 acmid = {1519089},
 publisher = {ACM},
 address = {New York, NY, USA},
 keywords = {online social networks},
}

@article{statemachine,
 author = {Schneider, Fred B.},
 title = {Implementing fault-tolerant services using the state machine approach: a tutorial},
 journal = {ACM Comput. Surv.},
 issue_date = {Dec. 1990},
 volume = {22},
 number = {4},
 year = {1990},
 pages = {299--319}
}

@book{schneider-concurrent,
  title={On concurrent programming},
  author={Schneider, Fred B},
  year={1997},
  publisher={Springer}
}


@online{fb-numfriends,
author = {Cameron Marlow},
title = {Maintained Relationships on {Facebook}},
month = {March},
year = {2009},
date = {9},
note={\url{https://www.facebook.com/note.php?note_id=55257228858}}}

@online{twitter-daily,
author = {Dan Farber},
title = {Twitter hits 400 million tweets per day, mostly mobile},
howpublished = {{CNET}},
year={2012},
note={\url{http://cnet.co/KHlg8q}}}

@online{obama-twitter,
author = {Mazen Rawashdeh},
title = {Bolstering our infrastructure},
note = {\url{http://engineering.twitter.com/2012/11/bolstering-our-infrastructure.html} (2013)}}


@inproceedings{bolton,
title={Bolt-on Causal Consistency},
author={Peter Bailis and Ali Ghodsi and Joseph M. Hellerstein and Ion Stoica},
booktitle={SIGMOD 2013}}


@misc{facebook-filing,
title = {{SEC Form S-1}},
author = {{Facebook, Inc.}},
year = {2012},
month = {February}}

@inproceedings{honeycutt-twitter-study,
 author = {C Honeycutt and Susan Herring},
 title = {Beyond Microblogging: Conversation and Collaboration via {Twitter}},
 booktitle = {Proceedings of the 42nd Hawaii International Conference on System Sciences},
 series = {HICSS '09},
 year = {2009},
 isbn = {978-0-7695-3450-3},
 pages = {1--10},
 numpages = {10},
 url = {http://dx.doi.org/10.1109/HICSS.2009.89},
 doi = {10.1109/HICSS.2009.89},
 acmid = {1489848},
 publisher = {IEEE Computer Society},
 address = {Washington, DC, USA},
key = {{$\!\!$}} ,
}

@inproceedings{ritter-twitter-study,
 author = {Ritter, Alan and Cherry, Colin and Dolan, Bill},
 title = {Unsupervised modeling of {Twitter} conversations},
 booktitle = {HLT 2010}}

@inproceedings{ye-twitter-study,
 author = {Ye, Shaozhi and Wu, S. Felix},
 title = {Measuring message propagation and social influence on {Twitter.com}},
 booktitle = {SocInfo 2010}}}

@inproceedings{sagas,
 author = {Garcia-Molina, Hector and Salem, Kenneth},
 title = {Sagas},
 booktitle = {SIGMOD 1987}
}


@inproceedings{helland-immutable,
  title={Data on the Outside Versus Data on the Inside.},
  author={Helland, Pat},
  booktitle={CIDR 2005}
}

@inproceedings{epsilon-divergence,
  title={Divergence control for epsilon-serializability},
  author={Wu, Kun-Lung and others},
  booktitle={ICDE 1992}
}

@article{yu-conit,
 author = {Yu, Haifeng and Vahdat, Amin},
 title = {Design and evaluation of a conit-based continuous consistency model for replicated services},
 journal = {ACM TOCS},
 issue_date = {August 2002},
 volume = {20},
 number = {3},
 month = aug,
 year = {2002},
 issn = {0734-2071},

 numpages = {44},
 url = {http://doi.acm.org/10.1145/566340.566342},
 doi = {10.1145/566340.566342},
 acmid = {566342},
 publisher = {ACM},
 address = {New York, NY, USA},
 keywords = {Conit, consistency model, continuous consistency, network services, relaxed consistency, replication},
}

@article{dunbar,
title = {The Social Brain Hypothesis},
author = {Robin I.M. Dunbar},
journal = {Evolutionary Anthropology},
volume = {6},
number = {5},
year = {1998}}

@misc{metafilter,
title = {{Metafilter Infodump}},
howpublished = {http://stuff.metafilter.com/infodump/},
note = {Combination of all available comment datasets: \texttt{mefi}, \texttt{askme}, \texttt{meta}, \texttt{music}. User count from \texttt{usernames}.}}

@inproceedings{flickr,
  author = {Meeyoung Cha and Alan Mislove and Krishna P. Gummadi},
  title = {{A Measurement-driven Analysis of Information Propagation in the Flickr Social Network}},
  booktitle = {WWW 2009},
}


@article{bruno-twitter-study,
    author = {Gon\c{c}alves, Bruno AND Perra, Nicola AND Vespignani, Alessandro},
    journal = {PLoS ONE},
    publisher = {Public Library of Science},
    title = {Modeling Users' Activity on {Twitter} Networks: Validation of {Dunbar's Number}},
    year = {2011},
    month = {08},
    volume = {6},
    url = {http://dx.doi.org/10.1371%2Fjournal.pone.0022656},
    number = {8},
    doi = {10.1371/journal.pone.0022656}
}


@inproceedings{mishne-blog-study,
  added-at = {2009-08-06T15:16:38.000+0200},
  address = {Edinburgh, Scotland},
  author = {Mishne, Gilad and Glance, Natalie},
  biburl = {http://www.bibsonomy.org/bibtex/2ae651dc754beb21a774b226e63a5f04a/chato},
  booktitle = {Third annual workshop on the {Weblogging} ecosystem},
  citeulike-article-id = {684495},
  citeulike-linkout-0 = {http://www.blogpulse.com/www2006-workshop/papers/wwe2006-blogcomments.pdf},
  interhash = {f200158252c11baf4135aaec84742df5},
  intrahash = {ae651dc754beb21a774b226e63a5f04a},
  keywords = {blogs},
  month = May,
  posted-at = {2006-06-05 15:02:53},
  priority = {0},
  timestamp = {2009-08-06T15:16:38.000+0200},
  title = {Leave a Reply: An Analysis of Weblog Comments},
  url = {http://www.blogpulse.com/www2006-workshop/papers/wwe2006-blogcomments.pdf},
  year = 2006
}

@techreport{crdt,
  title={A comprehensive study of convergent and commutative replicated data types},
  author={Shapiro, Marc and others},
  number = {7506},
  institution={INRIA},
  year={2011}
}

@inproceedings{yano-blog-study,
 author = {Yano, Tae and Cohen, William W. and Smith, Noah A.},
 title = {Predicting response to political blog posts with topic models},
 booktitle = {Proceedings of Human Language Technologies: The 2009 Annual Conference of the North American Chapter of the Association for Computational Linguistics},
 series = {NAACL '09},
 year = {2009},
 isbn = {978-1-932432-41-1},
 location = {Boulder, Colorado},
 pages = {477--485},
 numpages = {9},
 url = {http://dl.acm.org/citation.cfm?id=1620754.1620824},
 acmid = {1620824},
 publisher = {Association for Computational Linguistics},
 address = {Stroudsburg, PA, USA},
}

@inproceedings{kerr-email-study,
 author = {Kerr, Bernard},
 title = {Thread arcs: an email thread visualization},
 booktitle = {Proceedings of the Ninth annual IEEE conference on Information visualization},
 series = {INFOVIS'03},
 year = {2003},
 isbn = {0-7803-8154-8},
 location = {Seattle, Washington},
 pages = {211--218},
 numpages = {8},
 url = {http://dl.acm.org/citation.cfm?id=1947368.1947407},
 acmid = {1947407},
 publisher = {IEEE Computer Society},
 address = {Washington, DC, USA},
 keywords = {conversations, discussions, electronic mail, email, information visualization, threads, tree structures, user interfaces},
}



@inproceedings{enron-corpus,
   author = {Klimt, Bryan and Yang, Yiming},
   affiliation = {Language Technologies Institute, Carnegie Mellon University, Pittsburgh, PA 15213-8213, USA},
   title = {The {Enron} Corpus: A New Dataset for Email Classification Research},
   booktitle = {Machine Learning: ECML 2004},
   series = {Lecture Notes in Computer Science},
   editor = {Boulicaut, Jean-Fran√ßois and Esposito, Floriana and Giannotti, Fosca and Pedreschi, Dino},
   publisher = {Springer Berlin / Heidelberg},
   isbn = {978-3-540-23105-9},
   keyword = {Computer Science},
   pages = {217-226},
   volume = {3201},
   year = {2004}
}

@inproceedings{helland-immutability,
author={Patrick Helland},
title={Immutability Changes Everything},
howpublished={Talk at {{RICON 2012}}}}

@inproceedings{gfs,
 author = {Ghemawat, Sanjay and Gobioff, Howard and Leung, Shun-Tak},
 title = {The {Google File System}},
 booktitle = {SOSP 2003}}

@article{powerlaw,
author = {Barab\'{a}si, Albert-L\'{a}szl\'{o} and Albert, R\'{e}ka},
title = {Emergence of Scaling in Random Networks},
volume = {286},
number = {5439},
pages = {509-512},
year = {1999},
doi = {10.1126/science.286.5439.509},
abstract ={Systems as diverse as genetic networks or the World Wide Web are best described as networks with complex topology. A common property of many large networks is that the vertex connectivities follow a scale-free power-law distribution. This feature was found to be a consequence of two generic mechanisms: (i) networks expand continuously by the addition of new vertices, and (ii) new vertices attach preferentially to sites that are already well connected. A model based on these two ingredients reproduces the observed stationary scale-free distributions, which indicates that the development of large networks is governed by robust self-organizing phenomena that go beyond the particulars of the individual systems.},
URL = {http://www.sciencemag.org/content/286/5439/509.abstract},
eprint = {http://www.sciencemag.org/content/286/5439/509.full.pdf},
journal = {Science}
}

@article{consistentcut,
  title={Virtual time and global states of distributed systems},
  author={Mattern, F.},
  journal={Parallel and Distributed Algorithms},
  volume={1},
  number={23},
  pages={215--226},
  year={1989},
}

@article{chain-email-study,
author = {Liben-Nowell, David and Kleinberg, Jon},
title = {Tracing information flow on a global scale using Internet chain-letter data},
volume = {105},
number = {12},
pages = {4633-4638},
year = {2008},
doi = {10.1073/pnas.0708471105},
abstract ={Although information, news, and opinions continuously circulate in the worldwide social network, the actual mechanics of how any single piece of information spreads on a global scale have been a mystery. Here, we trace such information-spreading processes at a person-by-person level using methods to reconstruct the propagation of massively circulated Internet chain letters. We find that rather than fanning out widely, reaching many people in very few steps according to ‚Äúsmall-world‚Äù principles, the progress of these chain letters proceeds in a narrow but very deep tree-like pattern, continuing for several hundred steps. This suggests a new and more complex picture for the spread of information through a social network. We describe a probabilistic model based on network clustering and asynchronous response times that produces trees with this characteristic structure on social-network data.},
URL = {http://www.pnas.org/content/105/12/4633.abstract},
eprint = {http://www.pnas.org/content/105/12/4633.full.pdf+html},
journal = {Proceedings of the National Academy of Sciences}
}

@inproceedings{website-study,
 author = {G\'{o}mez, Vicen\c{c} and Kappen, Hilbert J. and Kaltenbrunner, Andreas},
 title = {Modeling the structure and evolution of discussion cascades},
 booktitle = {Proceedings of the 22nd ACM conference on Hypertext and hypermedia},
 series = {HT 2011},
 year = {2011},
 isbn = {978-1-4503-0256-2},
 location = {Eindhoven, The Netherlands},
 pages = {181--190},
 numpages = {10},
 url = {http://doi.acm.org/10.1145/1995966.1995992},
 doi = {10.1145/1995966.1995992},
 acmid = {1995992},
 publisher = {ACM},
 address = {New York, NY, USA},
 keywords = {conversations, discussion cascades, maximum likelihood, preferential attachment, slashdot, threads, wikipedia},
}

@misc{tuaw,
author = "R. Zafarani and H. Liu",
year = "2009",
title = "Social Computing Data Repository at {ASU}",
url = "http://socialcomputing.asu.edu",
institution = "Arizona State University, School of Computing, Informatics and Decision Systems Engineering",
note = {TUAW dataset}}


@article{codd,
	Author = {Codd, E. F.},
        Title = {A Relational Model of Data for Large Shared Data Banks},
	Doi = {10.1145/362384.362685},
	Issn = {0001-0782},
	Journal = {CACM},
	Month = jun,
	Pages = {377--387},
	Volume = {13},
	Year = {1970}}