@inproceedings{Li10,
 author = {Li, Lihong and Chu, Wei and Langford, John and Schapire, Robert E.},
 title = {A Contextual-bandit Approach to Personalized News Article Recommendation},
 booktitle = {WWW},
 year = {2010}
 }

@inproceedings{bismarck,
  title={Towards a unified architecture for in-RDBMS analytics},
  author={Feng, Xixuan and Kumar, Arun and Recht, Benjamin and R{\'e}, Christopher},
  booktitle={SIGMOD},
  year={2012}
}

@inproceedings{bernstein-model,
  title={Applying Model Management to Classical Meta Data Problems.},
  author={Bernstein, Philip A},
  booktitle={CIDR},
  year={2003}
}

@book{Suciu11,
  author    = {Dan Suciu and
               Dan Olteanu and
               Christopher R{\'e} and
               Christoph Koch},
  title     = {Probabilistic Databases},
  booktitle = {Probabilistic Databases},
  publisher = {Morgan {\&} Claypool Publishers},
  series    = {Synthesis Lectures on Data Management},
  year      = {2011},
  ee        = {http://dx.doi.org/10.2200/S00362ED1V01Y201105DTM016},
  bibsource = {DBLP, http://dblp.uni-trier.de}
}

@inproceedings{Wang08,
 author = {Wang, Daisy Zhe and others},
 title = {BayesStore: Managing Large, Uncertain Data Repositories with Probabilistic Graphical Models},
 inproceedings = {VLDB},
 year={2008}
}

@incollection{Meka09,
title = {Matrix Completion from Power-Law Distributed Samples},
author = {Raghu Meka and others},
booktitle = {NIPS},
year = {2009}
}

@book{Sutton89,
 author = {Sutton, R. S. and Barto, A. G.},
 title = {Introduction to Reinforcement Learning},
 year = {1998},
 isbn = {0262193981},
 edition = {1st},
 publisher = {MIT Press},
 address = {Cambridge, MA, USA}
}



@PhdThesis{Watkins89,
  author =       "Watkins, C.",
  title =        "Learning from Delayed Rewards",
  school =       "King's College",
  year =         "1989",
  address =   "Cambridge, UK",
  month =     "May"
}

@article{Sherman50,
ajournal = "Ann. Math. Statist.",
author = "Sherman, Jack and Morrison, Winifred J.",
doi = "10.1214/aoms/1177729893",
journal = "The Annals of Mathematical Statistics",
month = "03",
number = "1",
pages = "124--127",
publisher = "The Institute of Mathematical Statistics",
title = "Adjustment of an Inverse Matrix Corresponding to a Change in One Element of a Given Matrix",
url = "http://dx.doi.org/10.1214/aoms/1177729893",
volume = "21",
year = "1950"
}


@article{Bengio09,
 author = {Bengio, Yoshua},
 title = {Learning Deep Architectures for {AI}},
 journal = {Found. Trends Mach. Learn.},
 issue_date = {January 2009},
 volume = {2},
 number = {1},
 month = jan,
 year = {2009},
 issn = {1935-8237},
 pages = {1--127},
 numpages = {127},
 url = {http://dx.doi.org/10.1561/2200000006},
 doi = {10.1561/2200000006},
 acmid = {1658424},
 publisher = {Now Publishers Inc.},
 address = {Hanover, MA, USA},
}

@article{Burges98,
 author = {Burges, Christopher J. C.},
 title = {A Tutorial on Support Vector Machines for Pattern Recognition},
 journal = {Data Min. Knowl. Discov.},
 issue_date = {June 1998},
 volume = {2},
 number = {2},
 month = jun,
 year = {1998},
 issn = {1384-5810},
 pages = {121--167},
 numpages = {47},
 url = {http://dx.doi.org/10.1023/A:1009715923555},
 doi = {10.1023/A:1009715923555},
 acmid = {593463},
 publisher = {Kluwer Academic Publishers},
 address = {Hingham, MA, USA},
 keywords = {VC dimension, pattern recognition, statistical learning theory, support vector machines},
}


@inproceedings{Akdere11,
  author    = {Mert Akdere and others},
  title     = {The Case for Predictive Database Systems: Opportunities
               and Challenges},
  booktitle = {CIDR},
  year      = {2011}
}



@inproceedings{Zhang14,
author = {Zhang, Ce and Kumar, Arun and R{\'e}, Christopher},
title = {{Materialization optimizations for feature selection workloads}},
booktitle = {SIGMOD},
year = {2014}
}


@inproceedings{mlbase,
  title={MLbase: A Distributed Machine-learning System.},
  author={Kraska, Tim and Talwalkar, Ameet and Duchi, John C and Griffith, Rean and Franklin, Michael J and Jordan, Michael I},
  booktitle={CIDR},
  year={2013}
}

@inproceedings{mli,
  title={{MLI: An API} for distributed machine learning},
  author={Sparks, Evan R and others},
  booktitle={ICDM},
  year={2013}
}

@inproceedings{spark,
  title={Resilient distributed datasets: A fault-tolerant abstraction for in-memory cluster computing},
  author={Zaharia, Matei and others},
  booktitle={NSDI},
  year={2012}
}

@inproceedings{blinkdb,
  title={{BlinkDB}: queries with bounded errors and bounded response times on very large data},
  author={Agarwal, Sameer and others},
  booktitle={EuroSys},
  year={2013}
}

@inproceedings{spark-streaming,
  title={Discretized streams: Fault-tolerant streaming computation at scale},
  author={Zaharia, Matei and Das, Tathagata and Li, Haoyuan and Hunter, Timothy and Shenker, Scott and Stoica, Ion},
  booktitle={SOSP},
  year={2013}
}

@inproceedings{tachyon,
  title={Tachyon: Reliable, Memory Speed Storage for Cluster Computing Frameworks},
  author={Li, Haoyuan and Ghodsi, Ali and Zaharia, Matei and Shenker, Scott and Stoica, Ion},
  booktitle={SOCC},
  year={2014}
}

@inproceedings{Feng12,
 author = {Feng, Xixuan and Kumar, Arun and Recht, Benjamin and R{\'e}, Christopher},
 title = {Towards a Unified Architecture for in-RDBMS Analytics},
 booktitle = {SIGMOD},
 year = {2012}}

@inproceedings{Deshpande06,
 author = {Deshpande, Amol and Madden, Samuel},
 title = {{MauveDB}: Supporting Model-based User Views in Database Systems},
 booktitle = {SIGMOD},
 year = {2006}
}


@inproceedings{graphlab,
  title={PowerGraph: Distributed Graph-Parallel Computation on Natural Graphs.},
  author={Gonzalez, Joseph E and others},
  booktitle={OSDI},
  year={2012}
}

@inproceedings{Li13,
 author = {Li, Boduo and Tata, Sandeep and Sismanis, Yannis},
 title = {Sparkler: Supporting Large-scale Matrix Factorization},
 booktitle = {EDBT},
 year = {2013}
}

@article{Koren09,
 author = {Koren, Yehuda and Bell, Robert and Volinsky, Chris},
 title = {Matrix Factorization Techniques for Recommender Systems},
 journal = {IEEE Computer},
 issue_date = {August 2009},
 volume = {42},
 number = {8},
 month = aug,
 year = {2009},
 issn = {0018-9162},
 pages = {30--37},
 numpages = {8},
 url = {http://dx.doi.org/10.1109/MC.2009.263},
 doi = {10.1109/MC.2009.263},
 acmid = {1608614},
 publisher = {IEEE Computer Society Press},
 address = {Los Alamitos, CA, USA}
}


@inproceedings{hdfs,
  title={The hadoop distributed file system},
  author={Shvachko, Konstantin and others},
  booktitle={MSST},
  year={2010},
  organization={IEEE}
}

@article{fnt-matviews,
url = {http://dx.doi.org/10.1561/1900000020},
title = {Materialized Views},
number = {4},
doi = {10.1561/1900000020},
volume = {4},
pages = {295-405},
author = {Rada Chirkova and Jun Yang},
journal = {Foundations and Trends in Databases},
issn = {1931-7883},
year = {2012}
}

@article{fnt-mapreduce,
number={1},
volume={5},
author={Shivnath Babu and Herodotos Herodotou},
title={Massively Parallel Databases and MapReduce Systems},
journal = {Foundations and Trends in Databases},
year={2013}}
